@article{zhang2022_6g_agriculture,
  author = {Zhang, Fan and Wang, Wei and Li, Xiang and Song, Yulong},
  title = {6G-Enabled Smart Agriculture: A Review and Prospect},
  journal = {Electronics},
  volume = {11},
  number = {18},
  pages = {2845},
  year = {2022},
  publisher = {MDPI},
  doi = {10.3390/electronics11182845}
}

@article{navarro2020_iot_smartfarming,
  author = {Navarro, Luque Javier and Costa, Bruno},
  title = {A Systematic Review of IoT Solutions for Smart Farming},
  journal = {Sensors},
  volume = {20},
  number = {15},
  pages = {4231},
  year = {2020},
  publisher = {MDPI},
  doi = {10.3390/s20154231}
}

@article{ahmed2024_smart_agriculture,
  author = {Ahmed, Bilal and others},
  title = {Smart Agriculture: Current State, Opportunities, and Challenges},
  journal = {IEEE Access},
  year = {2024},
  publisher = {IEEE},
  doi = {10.1109/ACCESS.2024.0000000}
}

@article{talero2023_smartfarming_barriers,
  author = {Talero-Sarmiento, Lorena and Castellanos-Bahamon, Johana and Garcia-Garcia, Evaristo},
  title = {Opportunities and Barriers of Smart Farming Adoption by Farmers},
  journal = {Proceedings INN2022},
  year = {2023},
  doi = {10.4995/inn2022.2022.15746}
}

@article{islam2023_agriculture4_emerging,
  author = {Islam, Md. Hasibul and Khan, Rahat and Rahman, Tonmoy},
  title = {Agriculture 4.0 Adoption Challenges in the Emerging Economies},
  journal = {Journal of Network and Computer Applications},
  volume = {100},
  pages = {100212},
  year = {2023},
  publisher = {Elsevier},
  doi = {10.1016/j.jnt.2023.100212}
}

@article{soussi2024_smartsensors,
  author = {Soussi, Hichem and Cheikhrouhou, Naourez and Boubaker, Samia},
  title = {Smart Sensors and Smart Data for Precision Agriculture: A Review},
  journal = {Sensors},
  volume = {24},
  number = {8},
  pages = {2647},
  year = {2024},
  publisher = {MDPI},
  doi = {10.3390/s24082647}
}

@article{alahmad2023_iot_bigdata,
  author = {Alahmad, Belal and Othman, Mohamed and Lee, Chong-Yu},
  title = {Applying IoT Sensors and Big Data to Improve Precision Crop Production: A Review},
  journal = {Agronomy},
  volume = {13},
  number = {10},
  pages = {2603},
  year = {2023},
  publisher = {MDPI},
  doi = {10.3390/agronomy13102603}
}

@article{wolfert2017big,
  author = {Wolfert, S. and Ge, L. and Verdouw, C. and Bogaardt, M.-J.},
  title = {Big Data in Smart Farming – A Review},
  journal = {Computers and Electronics in Agriculture},
  volume = {147},
  pages = {70--90},
  year = {2017},
  doi = {10.1016/j.compag.2017.01.024}
}

@article{liakos2018machine,
  author = {Liakos, K. G. and Busato, P. and Moshou, D. and Pearson, S. and Bochtis, D.},
  title = {Machine Learning in Agriculture: A Review},
  journal = {Sensors},
  volume = {18},
  number = {8},
  pages = {2674},
  year = {2018},
  doi = {10.3390/s18082674}
}

@article{kamilaris2017bigdata,
  author = {Kamilaris, Andreas and Prenafeta-Bold{\'u}, Francesc X.},
  title = {Deep Learning in Agriculture: A Survey},
  journal = {Computers and Electronics in Agriculture},
  volume = {147},
  pages = {70--90},
  year = {2017},
  doi = {10.1016/j.compag.2017.04.016}
}

@article{zhang2002precision,
  author = {Zhang, N. and Wang, M. and Wang, N.},
  title = {Precision Agriculture—A Worldwide Overview},
  journal = {Computers and Electronics in Agriculture},
  volume = {36},
  number = {2-3},
  pages = {113--132},
  year = {2002},
  doi = {10.1016/S0168-1699(02)00101-8}
}
